@online{pki,
    title     = "PKI - Public Key Infrastructure",
    url       = "https://www.ssh.com/pki/",
    urldate = {2020-11-11}
}
@online{tls,
    title     = "What is TLS (Transport Layer Security)?",
    url       = "https://www.cloudflare.com/learning/ssl/transport-layer-security-tls/",
    urldate = {2020-11-11}
}
@online{firewall,
    title     = "What Is a Firewall?",
    url       = "https://www.cisco.com/c/en/us/products/security/firewalls/what-is-a-firewall.html",
    urldate = {2020-11-20}
}

@online{postgres1,
    title     = "CVE-2020-25695",
    url       = "https://cve.mitre.org/cgi-bin/cvename.cgi?name=CVE-2020-25695",
    urldate = {2020-11-14}
}

@online{postgres2,
    title     = "CVE-2020-25694",
    url       = "https://cve.mitre.org/cgi-bin/cvename.cgi?name=CVE-2020-25694",
    urldate = {2020-11-14}
}

@online{postgres3,
    title     = "CVE-2020-14349",
    url       = "https://cve.mitre.org/cgi-bin/cvename.cgi?name=CVE-2020-14349",
    urldate = {2020-11-14}
}

@online{docker1,
    title     = "CVE-2020-13401",
    url       = "https://cve.mitre.org/cgi-bin/cvename.cgi?name=CVE-2020-13401",
    urldate = {2020-11-14}
}

@online{django1,
    title     = "CVE-2020-9402",
    url       = "https://cve.mitre.org/cgi-bin/cvename.cgi?name=CVE-2020-9402",
    urldate = {2020-11-14}
}

@online{django2,
    title     = "CVE-2020-24584",
    url       = "https://cve.mitre.org/cgi-bin/cvename.cgi?name=CVE-2020-24584",
    urldate = {2020-11-14}
}

@online{django3,
    title     = "CVE-2020-24583",
    url       = "https://cve.mitre.org/cgi-bin/cvename.cgi?name=CVE-2020-24583",
    urldate = {2020-11-14}
}

@online{django4,
    title     = "CVE-2020-13254",
    url       = "https://nvd.nist.gov/vuln/detail/CVE-2020-13254",
    urldate = {2020-11-14}
}

@online{django5,
    title     = "CVE-2020-7471",
    url       = "https://nvd.nist.gov/vuln/detail/CVE-2020-7471",
    urldate = {2020-11-14}
}

@online{ubuntu1,
    title     = "CVE-2020-15708",
    url       = "https://cve.mitre.org/cgi-bin/cvename.cgi?name=CVE-2020-15708",
    urldate = {2020-11-21}
}
