@online{linkedin1,
    title     = "Farfetch LinkenIn",
    url       = "https://www.linkedin.com/jobs/view/2332825996/?refId=5466889361608491278523&trackingId=dyMSaZRcD4J\%2FG4uaijQKGQ\%3D\%3D&trk=d_flagship3_company",
    urldate = {2020-12-20}
}

@online{cve1,
    title     = "CVE-2020-15778",
    url       = "https://nvd.nist.gov/vuln/detail/CVE-2020-15778",
    urldate = {2020-12-10}
}

@online{cve2,
    title     = "CVE-2020-1113",
    url       = "https://nvd.nist.gov/vuln/detail/CVE-2020-1113",
    urldate = {2020-12-11}
}

@online{cve3,
    title     = "CVE-2020-13159",
    url       = "https://nvd.nist.gov/vuln/detail/CVE-2020-13159",
    urldate = {2020-12-11}
}

@online{cve4,
    title     = "CVE-2018-0749",
    url       = "https://nvd.nist.gov/vuln/detail/CVE-2018-0749",
    urldate = {2020-12-11}
}

@online{cve5,
    title     = "CVE-2016-6662",
    url       = "https://nvd.nist.gov/vuln/detail/CVE-2016-6662",
    urldate = {2020-12-11}
}

@online{cve7,
    title     = "CVE-2008-2398",
    url       = "https://nvd.nist.gov/vuln/detail/CVE-2008-2398",
    urldate = {2020-12-12}
}

@online{cve8,
    title     = "CVE-2015-5254",
    url       = "https://nvd.nist.gov/vuln/detail/CVE-2015-5254",
    urldate = {2020-12-12}
}

@online{cve9,
    title     = "CVE-2020-1938",
    url       = "https://nvd.nist.gov/vuln/detail/CVE-2020-1938",
    urldate = {2020-12-12}
}

@online{cve10,
    title     = "CVE-2005-2090",
    url       = "https://nvd.nist.gov/vuln/detail/CVE-2005-2090",
    urldate = {2020-12-12}
}

@online{cve15,
    title     = "CVE-2007-0795",
    url       = "https://nvd.nist.gov/vuln/detail/CVE-2007-0795",
    urldate = {2020-12-12}
}